@book{Russell,
 author = {Russell, Stuart and Norvig, Peter},
 title = {Artificial Intelligence: A Modern Approach},
 year = {2009},
 isbn = {0136042597, 9780136042594},
 edition = {3rd},
 publisher = {Prentice Hall Press},
 address = {Upper Saddle River, NJ, USA},
} 

@book{thorndike1965animal,
	title={Animal Intelligence: Experimental Studies},
	author={Thorndike, E.L.},
	lccn={65020851},
	url={https://books.google.de/books?id=0uPaAAAAMAAJ},
	year={1965},
	publisher={Hafner Publishing Company}
}


@article{Sutton,
	author    = {Richard S. Sutton and
	Andrew G. Barto},
	title     = {Reinforcement Learning: An Introduction},
	journal   = {{IEEE} Trans. Neural Networks},
	volume    = {9},
	number    = {5},
	pages     = {1054--1054},
	year      = {1998},
	url       = {https://doi.org/10.1109/TNN.1998.712192},
	doi       = {10.1109/TNN.1998.712192},
	timestamp = {Sun, 28 May 2017 01:00:00 +0200},
	biburl    = {https://dblp.org/rec/bib/journals/tnn/SuttonB98},
	bibsource = {dblp computer science bibliography, https://dblp.org}
}

@Article{Williams1992,
author="Williams, Ronald J.",
title="Simple statistical gradient-following algorithms for connectionist reinforcement learning",
journal="Machine Learning",
year="1992",
month="May",
day="01",
volume="8",
number="3",
pages="229--256",
issn="1573-0565",
doi="10.1007/BF00992696",
url="https://doi.org/10.1007/BF00992696"
}

@INPROCEEDINGS{Ng00pegasus:a,
    author = {Andrew Ng and Michael Jordan},
    title = {PEGASUS: A policy search method for large MDPs and POMDPs},
    booktitle = {In Proceedings of the Sixteenth Conference on Uncertainty in Artificial Intelligence},
    year = {2000},
    pages = {406--415}
}


@article{Tesauro,
	author = {Tesauro, Gerald},
	title = {Practical Issues in Temporal Difference Learning},
	journal = {Mach. Learn.},
	issue_date = {May 1992},
	volume = {8},
	number = {3-4},
	month = may,
	year = {1992},
	issn = {0885-6125},
	pages = {257--277},
	numpages = {21},
	url = {https://doi.org/10.1007/BF00992697},
	doi = {10.1007/BF00992697},
	acmid = {139616},
	publisher = {Kluwer Academic Publishers},
	address = {Hingham, MA, USA},
	keywords = {Temporal difference learning, backgammon, connectionist methods, feature discovery, games, neural networks},
}

